@incollection{Connaughton2007,
  author    = {Connaughton, R. and Bowyer, K.W. and Flynn, P.J.},
  title     = {Fusion of Face and Iris Biometrics},
  booktitle = {Handbook of Iris Recognition},
  year      = {2007}
}

@article{Cuong2014,
  author  = {Cuong, B.C.},
  title   = {Picture Fuzzy Sets},
  journal = {Journal of Computer Science and Cybernetics},
  year    = {2014}
}

@article{Dodis2008,
  author  = {Dodis, Yevgeniy and Ostrovsky, Rafail and Reyzin, Leonid and Smith, Adam D.},
  title   = {Fuzzy Extractors: How to Generate Strong Keys from Biometrics and Other Noisy Data},
  journal = {SIAM Journal on Computing},
  year    = {2008}
}

@article{Ellison2000,
  author  = {Ellison, Carl and Schneier, Bruce},
  title   = {Ten Risks of PKI: What You're not Being Told about Public Key Infrastructure},
  journal = {Computer Security Journal},
  volume  = {16},
  year    = {2000}
}

@article{Gamal1985,
  author = {ElGamal, T.},
  title  = {A Public Key Cryptosystem and a Signature Scheme Based on Discrete Logarithms},
  year   = {1985}
}

@inproceedings{MacKenzie2004,
  author = {MacKenzie, Peter D. and Reiter, Michael K. and Yang, Ke},
  title  = {Alternatives to Non-Malleability: Definitions, Constructions, and Applications (Extended Abstract)},
  year   = {2004}
}

@inproceedings{Matsuda2016,
  author = {Matsuda, T. and Takahashi, K. and Murakami, T. and Hanaoka, G.},
  title  = {Fuzzy Signatures: Relaxing Requirements and a New Construction},
  year   = {2016}
}

@inproceedings{Sahai2005,
  author    = {Sahai, Amit and Waters, Brent},
  title     = {Fuzzy Identity-Based Encryption},
  booktitle = {Advances in Cryptology - EUROCRYPT 2005},
  year      = {2005},
  address   = {Aarhus, Denmark}
}

@article{Son2016,
  author  = {Son, L.H. and Viet, P.V. and Hai, P.V.},
  title   = {Picture Inference System: A New Fuzzy Inference System on Picture Fuzzy Set},
  journal = {Applied Intelligence},
  year    = {2016}
}

@inproceedings{Takahashi2015,
  author = {Takahashi, K. and Matsuda, T. and Murakami, T. and Hanaoka, G. and Nishigaki, M.},
  title  = {A Signature Scheme with a Fuzzy Private Key},
  year   = {2015}
}
